
@Article{albrecht1962,
  Title                    = {Statistics of zero power nuclear reactors},
  Author                   = {Albrecht, R.W.},
  Journal                  = {Nuclear Science, IRE Transactions on},
  Year                     = {1962},
  Number                   = {4},
  Pages                    = {1-4},
  Volume                   = {9},

  ISSN                     = {0096-2015}
}

@Article{ansari1991development,
  Title                    = {Development of on-line reactivity meter for nuclear reactors},
  Author                   = {Ansari, Saleem A.},
  Journal                  = {Nuclear Science, IEEE Transactions on},
  Year                     = {1991},
  Number                   = {4},
  Pages                    = {946--952},
  Volume                   = {38},

  Publisher                = {IEEE}
}

@Book{atkinson2008introduction,
  Title                    = {An introduction to numerical analysis},
  Author                   = {Atkinson, Kendall E.},
  Publisher                = {John Wiley \& Sons},
  Year                     = {2008}
}

@Article{baeten2004,
  Title                    = {Heuristic derivation of the Rossi-alpha formula for a pulsed neutron source},
  Author                   = {Baeten, P.},
  Journal                  = {Annals of Nuclear Energy},
  Year                     = {2004},
  Number                   = {1},
  Pages                    = {43 - 53},
  Volume                   = {31},

  ISSN                     = {0306-4549}
}

@Article{behringer1999,
  Title                    = {On the problem of monitoring the neutron parameters of the fast energy amplifier},
  Author                   = {Behringer, K. and Wydler, P.},
  Journal                  = {Annals of Nuclear Energy},
  Year                     = {1999},
  Number                   = {13},
  Pages                    = {1131 - 1157},
  Volume                   = {26},

  ISSN                     = {0306-4549},
  Publisher                = {Elsevier}
}

@Book{bell1979nuclear,
  Title                    = {Nuclear reactor theory},
  Author                   = {Bell, George I and Glasstone, Samuel},
  Publisher                = {RE Krieger Publishing Company},
  Year                     = {1979}
}

@Conference{bellino2014aatnxenon,
  Title                    = {Medición de la evolución de la reactividad del xenón-135 luego del corte en el reactor {RA}-3},
  Author                   = {Pablo Bellino and Alejandra Benhaim},
  Booktitle                = {XLI Reunión Anual de la AATN},
  Year                     = {2014},

  Address                  = {Buenos Aires, Argentina},
  Month                    = {Diciembre}
}

@Conference{bellino2014igorrxenon,
  Title                    = {Measurement of the xenon-135 reactivity evolution after a shutdown in the {RA}-3 research and production reactor},
  Author                   = {Pablo Bellino and Alejandra Benhaim},
  Booktitle                = {IGORR 2014 {/} IAEA Technical Meeting on Low Power Reactors},
  Year                     = {2014},

  Address                  = {Bariloche, Argentina},
  Month                    = {November}
}

@Conference{bellino2014aatnatucha,
  Title                    = {Mediciones físicas durante la puesta en marcha de la {C}entral {N}uclear {A}tucha-{II}},
  Author                   = {Pablo Bellino and Alejandra Benhaim and Angel Gomez},
  Booktitle                = {XLI Reunión Anual de la AATN},
  Year                     = {2014},

  Address                  = {Buenos Aires, Argentina},
  Month                    = {Diciembre}
}

@Conference{bellino2014aatnatucha_e,
	Title                    = {Physical measurements during the start-up of {A}tucha {II} {N}uclear {P}ower {P}lant},
	Author                   = {Pablo Bellino and Alejandra Benhaim and Angel Gomez},
	Booktitle                = {XLI Annual meeting of the Argentine Association of Nuclear Technology},
	Year                     = {2014},
	
	Address                  = {Buenos Aires, Argentina},
	Month                    = {December}
}

@TechReport{bellino2014ite282,
  Title                    = {Medición de parámetros físicos durante la puesta en marcha de la {C}entral {N}uclear {A}tucha {II}},
  Author                   = {Bellino, P. and Benhaim, A. and Gomez, A. and Pereyra, A.},
  Institution              = {CNEA},
  Year                     = {2014},
  Note                     = {Rev. 0. (Confidencial)},
  Number                   = {ITE-06REC-282}
}

@Conference{bellino2014igorrra0,
  Title                    = {Kinetic parameter estimation in the {RA}-0 research reactor},
  Author                   = {Pablo Bellino and Angel Gomez},
  Booktitle                = {IGORR 2014 {/} IAEA Technical Meeting on Low Power Reactors},
  Year                     = {2014},

  Address                  = {Bariloche, Argentina},
  Month                    = {November}
}

@TechReport{bellino2013,
  Title                    = {Estimación de parámetros cinéticos mediante mediciones en subcrítico aplicando la técnica de ruido neutrónico en el reactor {RA}-0},
  Author                   = {Bellino, P. and Gomez, A.},
  Institution              = {CNEA},
  Year                     = {2013},
  Note                     = {Rev. 0},
  Number                   = {ITE-06RCN-265}
}

@Conference{bellino2013iyc,
  Title                    = {On-line monitoring for research reactors},
  Author                   = {Bellino, P. and Gomez, A.},
  Booktitle                = {{IAEA} Expert Mission on Qualification and Verification \& Validation of I\&C Equipment, as well as On-line Monitoring of {NPP} Status},
  Year                     = {2013},

  Address                  = {Buenos Aires, Argentina},
  Month                    = {November},
  Organization             = {IAEA}
}

@Conference{bellino2012aatn,
  Title                    = {Mediciones de parámetros cinéticos del reactor {RA}-0 en estados subcríticos},
  Author                   = {Bellino, P. and Gomez, A.},
  Booktitle                = {XXXIX Reunión Anual de la AATN},
  Year                     = {2012},

  Address                  = {Buenos Aires, Argentina},
  Month                    = {Diciembre}
}

@Conference{bellino2012aatn_e,
	Title                    = {Measurements of kinetic parameters in the {RA}-0 reactor at subcritical states},
	Author                   = {Bellino, P. and Gomez, A.},
	Booktitle                = {XXXIX Annual meeting of the Argentine Association of Nuclear Technology},
	Year                     = {2012},
	
	Address                  = {Buenos Aires, Argentina},
	Month                    = {December}
}

@TechReport{bellino2011,
  Title                    = {Estimación de parámetros cinéticos mediante mediciones en subcrítico en el reactor {RA}-3},
  Author                   = {Bellino, P. and Gomez, A.},
  Institution              = {CNEA},
  Year                     = {2011},
  Note                     = {\mbox{Rev. 0}},
  Number                   = {ITE-06RCN-235}
}

@Conference{bellino2011aatn,
  Title                    = {Aplicación del método de $\alpha$-{F}eynman en la estimación de parámetros cinéticos en el reactor {RA}-1},
  Author                   = {Bellino, P. and Gomez, A.},
  Booktitle                = {XXXVIII Reunión Anual de la AATN},
  Year                     = {2011},

  Address                  = {Buenos Aires, Argentina},
  Month                    = {Noviembre}
}

@Conference{bellino2011aatn_e,
	Title                    = {Application of the $\alpha$-{F}eynman method on the estimation of kinetic parameters in the {RA}-1 reactor},
	Author                   = {Bellino, P. and Gomez, A.},
	Booktitle                = {XXXVIII Annual meeting of the Argentine Association of Nuclear Technology},
	Year                     = {2011},
	
	Address                  = {Buenos Aires, Argentina},
	Month                    = {November}
}

@TechReport{bellino2010,
  Title                    = {Aplicación de la técnica de ruido neutrónico en subcrítico utilizando un nuevo sistema de adquisición de datos},
  Author                   = {Bellino, P. and Gomez, A.},
  Institution              = {CNEA},
  Year                     = {2010},
  Note                     = {Rev. 0},
  Number                   = {ITE-06RCN-229}
}

@Conference{bellino2009aatn,
  Title                    = {Aplicación de la técnica de ruido neutrónico en subcrítico utilizando un nuevo sistema de adquisición de datos},
  Author                   = {Bellino, P. and Gomez, A.},
  Booktitle                = {XXXVI Reunión Anual de la AATN},
  Year                     = {2009},

  Address                  = {Buenos Aires, Argentina},
  Month                    = {Noviembre}
}

@Conference{bellino2009aatn_e,
	Title                    = {Implementation of the neutron noise technique for subcritical reactors using a new data acquisition system},
	Author                   = {Bellino, P. and Gomez, A.},
	Booktitle                = {XXXVI Annual meeting of the Argentine Association of Nuclear Technology},
	Year                     = {2009},
	
	Address                  = {Buenos Aires, Argentina},
	Month                    = {November}
}

@InProceedings{bellino2012marr,
  Title                    = {Kinetic Parameters Estimation in a {MTR} Research and Production Reactor in Subcritical States},
  Author                   = {Bellino, P and Gomez, A and Estryk, G and Grant, C},
  Booktitle                = {Proceedings of the International Conference on Research Reactors: Safe Management and Effective Utilization},
  Year                     = {2012},

  Location                 = {Rabat, Morocco}
}

@Conference{bellino2008aatn,
  Title                    = {Medición de caudal mediante la correlación cruzada de las fluctuaciones de temperatura},
  Author                   = {Bellino, P. and Wentzeis, L. and Pereyra, A.},
  Booktitle                = {XXXV Reunión Anual de la AATN},
  Year                     = {2008},

  Address                  = {Buenos Aires, Argentina},
  Month                    = {Noviembre}
}

@Conference{bellino2008aatn_e,
	Title                    = {Fluid flow measurement using cross correlation of temperature fluctuations},
	Author                   = {Bellino, P. and Wentzeis, L. and Pereyra, A.},
	Booktitle                = {XXXV Annual meeting of the Argentine Association of Nuclear Technology},
	Year                     = {2008},
	
	Address                  = {Buenos Aires, Argentina},
	Month                    = {November}
}

@Conference{benhaim2012aatn,
  Title                    = {Determinación de la reactividad mediante la cinética inversa para reactores en estado crítico y subcrítico},
  Author                   = {Benhaim, A. and Bellino, P. and Gomez, A.},
  Booktitle                = {XXXIX Reunión Anual de la AATN},
  Year                     = {2012},

  Address                  = {Buenos Aires, Argentina},
  Month                    = {Diciembre}
}

@Conference{benhaim2012aatn_e,
	Title                    = {Reactivity estimation for subcritical and critical reactors},
	Author                   = {Benhaim, A. and Bellino, P. and Gomez, A.},
	Booktitle                = {XXXIX Annual meeting of the Argentine Association of Nuclear Technology},
	Year                     = {2012},
	
	Address                  = {Buenos Aires, Argentina},
	Month                    = {December}
}

@Article{bennett1960,
  Title                    = {The rice formulation of pile noise},
  Author                   = {Bennett, Edgar F.},
  Journal                  = {Nuclear Science and Engineering},
  Year                     = {1960},
  Pages                    = {53},
  Volume                   = {8},

  Publisher                = {Argonne National Lab., Ill.}
}

@Article{binneyand85design,
  Title                    = {Design and Development of a Personal Computer Based Reactivity Meter for a Research Reactor},
  Author                   = {Binneyand, A.J.M. and Bakir, S.E.},
  Journal                  = {Nuclear Technology},
  Year                     = {1989},
  Pages                    = {97331--105902},
  Volume                   = {85}
}

@Conference{blaumann2009,
  Title                    = {{RA-6} Reactor Conversion and Neutronic Tests of the New Silicides Fuel Core},
  Author                   = {Blaumann, H. and Longhino, J. and Sánchez, F. and Lopasso, E. and Lezczscynski, F. and Ferraro, D. and Brollo, F. and Fernández, C. and Gómez, A. and Bellino, P.},
  Booktitle                = {$31^{th}$ RERTR 2009 International Meeting on Reduced Enrichment for Research and Test Reactors},
  Year                     = {2009},

  Address                  = {Beijing, China},
  Month                    = {November}
}

@Book{brown2004,
  Title                    = {Complex variables and applications},
  Author                   = {Brown, J.W. and Churchill, R.V.},
  Publisher                = {McGraw-Hill New York, NY},
  Year                     = {2004},
  Edition                  = {8}
}

@Book{butcher2008numerical,
  Title                    = {Numerical methods for ordinary differential equations},
  Author                   = {Butcher, John C.},
  Publisher                = {John Wiley \& Sons},
  Year                     = {2008}
}

@Article{butcher1964implicit,
  Title                    = {Implicit runge-kutta processes},
  Author                   = {Butcher, John C},
  Journal                  = {Mathematics of Computation},
  Year                     = {1964},
  Number                   = {85},
  Pages                    = {50--64},
  Volume                   = {18},

  Publisher                = {JSTOR}
}

@Book{cacuci2010,
  Title                    = {Handbook of nuclear engineering},
  Author                   = {Cacuci, D.G.},
  Publisher                = {Springer Verlag},
  Year                     = {2010},
  Volume                   = {2}
}

@TechReport{siemens92,
  Title                    = {Neutron flux excore instrumentation},
  Author                   = {Carreras.},
  Institution              = {Siemens},
  Year                     = {1992},
  Number                   = {{E}452-92-XX1},
  Type                     = {Work-Report}
}

@TechReport{cohn1967,
  Title                    = {Fast-reactor noise analysis with an on-line digital computer},
  Author                   = {Cohn, C.E.},
  Institution              = {Argonne National Lab., Ill.},
  Year                     = {1967}
}

@Article{diaz2009,
  Title                    = {Reactivity calculation with reduction of the nuclear power fluctuations},
  Author                   = {D{\'\i}az, Daniel Suesc{\'u}n and Martinez, Aquilino Senra},
  Journal                  = {Annals of Nuclear Energy},
  Year                     = {2009},
  Number                   = {5},
  Pages                    = {676--679},
  Volume                   = {36},

  Publisher                = {Elsevier}
}

@Article{diaz2012,
  Title                    = {Hamming method for solving the delayed neutron precursor concentration for reactivity calculation},
  Author                   = {D{\'\i}az, Daniel Suesc{\'u}n and Ospina, Juan Felipe Fl{\'o}rez and Sarasty, Jes{\'u}s Andr{\'e}s Rodr{\'\i}guez},
  Journal                  = {Annals of Nuclear Energy},
  Year                     = {2012},
  Pages                    = {47--49},
  Volume                   = {42},

  Publisher                = {Elsevier}
}

@Article{dahlquist1956convergence,
  Title                    = {Convergence and stability in the numerical integration of ordinary differential equations},
  Author                   = {Dahlquist, Germund},
  Journal                  = {Math. Scand},
  Year                     = {1956},
  Number                   = {1},
  Pages                    = {33--53},
  Volume                   = {4}
}

@TechReport{dallosto1972,
  Title                    = {Mediciones con un reactímetro},
  Author                   = {Dall'Osto, F.F. and Perl, H. and Viñez, J.C.},
  Institution              = {CNEA},
  Year                     = {1972},
  Number                   = {CNEA-RE-51}
}

@TechReport{ipem005,
  Title                    = {{IPEM C}-005-005 {V}erificación del funcionamiento de los canales de medición de flujo neutrónico ex-core en rango de impulsos y rango intermedio},
  Author                   = {Degano, J.},
  Institution              = {NA-SA},
  Year                     = {2013},
  Type                     = {Instrucción de puesta en marcha}
}

@Article{diaz2007,
  Title                    = {Formulation for the calculation of reactivity without nuclear power history},
  Author                   = {Diaz, Daniel Suescun and Martinez, Aquilino SENRA and Da Silva, Fernando Carvalho},
  Journal                  = {Journal of Nuclear Science and Technology},
  Year                     = {2007},
  Number                   = {9},
  Pages                    = {1149--1155},
  Volume                   = {44},

  Publisher                = {Taylor \& Francis}
}

@Article{difilippo1976kinetics,
  Title                    = {Kinetics of a coupled two-core nuclear reactor},
  Author                   = {Difilippo, F.C. and Waldman, R.M.},
  Journal                  = {Nuclear Science and Engineering},
  Year                     = {1976},
  Number                   = {1},
  Pages                    = {61--71},
  Volume                   = {61}
}

@PhdThesis{ehle1969pade,
  Title                    = {On Pade Approximations To The Exponential Function And A{-}Stable Methods For The Numerical Solution Of Initial Value Problems},
  Author                   = {Ehle, Byron L},
  School                   = {University of Waterloo},
  Year                     = {1969}
}

@Article{feynman1956dispersion,
  Title                    = {Dispersion of the neutron emission in U-235 fission},
  Author                   = {Feynman, Richard Phillips and De Hoffmann, F and Serber, Robert},
  Journal                  = {Journal of Nuclear Energy (1954)},
  Year                     = {1956},
  Number                   = {1},
  Pages                    = {64--69},
  Volume                   = {3},

  Publisher                = {Elsevier}
}

@TechReport{ipem003,
  Title                    = {{IPEM C}-005-003 {P}rimera puesta a crítico},
  Author                   = {Garcia, A.},
  Institution              = {NA-SA},
  Year                     = {2014},
  Type                     = {Instrucción de puesta en marcha}
}

@Book{gear1971numerical,
  Title                    = {Numerical initial value problems in ordinary differential equations},
  Author                   = {Gear, C. William},
  Publisher                = {Prentice Hall PTR},
  Year                     = {1971}
}

@Article{goldberg1991every,
  Title                    = {What every computer scientist should know about floating-point arithmetic},
  Author                   = {Goldberg, David},
  Journal                  = {ACM Computing Surveys (CSUR)},
  Year                     = {1991},
  Number                   = {1},
  Pages                    = {5--48},
  Volume                   = {23},

  Publisher                = {ACM}
}

@TechReport{gomezite238,
  Title                    = {Estudio de efectos espaciales en el método de rod-drop},
  Author                   = {Gomez, A.},
  Institution              = {CNEA},
  Number                   = {\mbox{ITE-06REC-238}}
}

@TechReport{gomez2014ra3,
  Title                    = {Estimaciones de parámetros físicos en el arranque del reactor {RA}-3 en el año 2014},
  Author                   = {Gomez, A.},
  Institution              = {CNEA},
  Year                     = {2014},
  Number                   = {ITE-06REC-273}
}

@TechReport{gomez2012prop,
  Title                    = {Participación en la primera aproximación a crítico de la {C}entral {N}uclear {A}tucha {II}},
  Author                   = {Gomez, A.},
  Institution              = {CNEA},
  Year                     = {2013},
  Note                     = {Rev. 0},
  Number                   = {POP-06REC-002},
  Type                     = {Propuesta}
}

@TechReport{gomez2006,
  Title                    = {Estimación de parámetros cinéticos en subcrítico, utilizando la cadena de detección {CANBERRA}-7820-ADS-7821-HT, en el reactor {RA}-1},
  Author                   = {Gomez, A.},
  Institution              = {CNEA},
  Year                     = {2006},
  Note                     = {Rev. 0},
  Number                   = {ITE-06REC-200-SP B1 M.}
}

@TechReport{gomez2006ite199,
  Title                    = {Elección del juego de constantes de neutrones retardados en el método de rod-drop},
  Author                   = {Gomez, A.},
  Institution              = {CNEA},
  Year                     = {2006},
  Number                   = {ITE-06REC-199}
}

@TechReport{gomez2006ra1,
  Title                    = {Mediciones de parámetros físicos en el arranque del reactor {RA}-1 en el año 2006},
  Author                   = {Gomez, A.},
  Institution              = {CNEA},
  Year                     = {2006},
  Number                   = {IN-6REC-270-ITA}
}

@TechReport{gomez2004,
  Title                    = {Sistema de medición para la estimación de parámetros cinéticos en un reactor subcrítico.},
  Author                   = {Gomez, A.},
  Institution              = {CNEA},
  Year                     = {2004},
  Note                     = {Rev. 0},
  Number                   = {CNEA.C.RCN.POF.043}
}

@TechReport{gomez1998,
  Title                    = {Medición de parámetros cinéticos en el reactor {RA-4}},
  Author                   = {Gomez, A.},
  Institution              = {CNEA},
  Year                     = {1998},
  Number                   = {RCN.ITE.097}
}

@TechReport{gomez1997,
  Title                    = {Mediciones realizadas mediante la técnica de ruido neutrónico durante la puesta en marcha del reactor {RA}-8},
  Author                   = {Gomez, A.},
  Institution              = {CNEA},
  Year                     = {1997},
  Number                   = {C.RCN.ITE.065}
}

@TechReport{gomez2013,
  Title                    = {Estimación de tasa de dosis de neutrones térmicos en el reactor {RA}-1.},
  Author                   = {Gomez, A. and Bellino, P.},
  Institution              = {CNEA},
  Year                     = {2013},
  Note                     = {Rev. 0},
  Number                   = {ITE-06RCN-251}
}

@TechReport{gomez2012,
  Title                    = {Mediciones para la estimación de parámetros cinéticos en el reactor {RA}-0},
  Author                   = {Gomez, A. and Bellino, P.},
  Institution              = {CNEA},
  Year                     = {2012},
  Note                     = {Rev. 0},
  Number                   = {ITE-06REC-249}
}

@Conference{gomez2012aatn,
  Title                    = {Mediciones para la estimación de parámetros cinéticos en el reactor {RA}-0},
  Author                   = {Gomez, A. and Bellino, P.},
  Booktitle                = {XXXIX Reunión Anual de la AATN},
  Year                     = {2012},

  Address                  = {Buenos Aires, Argentina},
  Month                    = {Diciembre}
}

@Conference{gomez2012aatn_e,
	Title                    = {Measurements for kinetic parameters estimation in the {RA}-0 research reactor},
	Author                   = {Gomez, A. and Bellino, P.},
	Booktitle                = {XXXIX Annual meeting of the Argentine Association of Nuclear Technology},
	Year                     = {2012},
	
	Address                  = {Buenos Aires, Argentina},
	Month                    = {December}
}

@TechReport{gomez2009,
  Title                    = {Aplicación de la técnica de ruido neutrónico en el marco del proyecto {UBERA-6} de cambio de núcleo y aumento de potencia del reactor {RA}-6},
  Author                   = {Gomez, A. and Bellino, P.},
  Institution              = {CNEA},
  Year                     = {2009},
  Note                     = {Rev. 0},
  Number                   = {\mbox{ITE-06RCN-222}}
}

@Conference{gomez2009aatn,
  Title                    = {Aplicación de la técnica de ruido neutrónico en el marco del proyecto {UBERA}-6},
  Author                   = {Gomez, A. and Bellino, P.},
  Booktitle                = {XXXVI Reunión Anual de la AATN},
  Year                     = {2009},

  Address                  = {Buenos Aires, Argentina},
  Month                    = {Noviembre}
}

@Conference{gomez2009aatn_e,
	Title                    = {Implementation of the neutron noise technique under the {UBERA}-6 {P}royect},
	Author                   = {Gomez, A. and Bellino, P.},
	Booktitle                = {XXXVI Annual meeting of the Argentine Association of Nuclear Technology},
	Year                     = {2009},
	
	Address                  = {Buenos Aires, Argentina},
	Month                    = {November}
}

@TechReport{gomez2000,
  Title                    = {Mediciones de parámetros neutrónicos del reactor {RA}-3 durante la puesta en marcha en {M}ayo del año 2000},
  Author                   = {Gomez, A. and Estryk, G. and Roqueta, D.},
  Institution              = {CNEA},
  Year                     = {2000},
  Note                     = {Rev. 1},
  Number                   = {C.RCN.ITE.136}
}

@TechReport{gomez1994,
  Title                    = {Mediciones físicas realizadas durante la puesta en marcha del reactor {RA}-0},
  Author                   = {Gomez, A. and Waldman, R.},
  Institution              = {CNEA},
  Year                     = {1994},
  Number                   = {CNEA-GI-I.T. 1027{/}94}
}

@Article{gomez1994method,
  Title                    = {A method to reduce space-time effects in the measurement of reactivities by the rod-drop technique},
  Author                   = {Gomez, Angel and Waldman, Ricardo},
  Journal                  = {Annals of Nuclear Energy},
  Year                     = {1994},
  Number                   = {10},
  Pages                    = {613--628},
  Volume                   = {21},

  Publisher                = {Elsevier}
}

@Article{gomez1992annals,
  Title                    = {Measurement of power in research reactors using the neutron noise technique},
  Author                   = {Gomez, A. and Waldman, R. and Laggiard, E.},
  Journal                  = {Annals of Nuclear Energy},
  Year                     = {1992},
  Number                   = {5},
  Pages                    = {267--285},
  Volume                   = {19},

  Publisher                = {Elsevier}
}

@TechReport{grant2014,
  Title                    = {Simulación de experimentos de caída de barras de control realizados en la puesta en marcha de la {C}entral {N}uclear {A}tucha {II}},
  Author                   = {Grant, C. and Gomez, A.},
  Institution              = {CNEA},
  Year                     = {2014},
  Note                     = {Rev. 0. (Confidencial)},
  Number                   = {ITE-06REC-281}
}

@TechReport{grant2014ite274,
  Title                    = {Estudio de efectos espaciales en la estimación de reactividad, en experimentos simulados de caída de barras de control en la {C}entral {N}uclear de {A}tucha {II}},
  Author                   = {Grant, C. and Gomez, A.},
  Institution              = {CNEA},
  Year                     = {2014},
  Number                   = {ITE-06REC-274}
}

@Book{hairer1987solving1,
  Title                    = {Solving Ordinary Differential Equations {I}: Nonstiff Problems},
  Author                   = {Hairer, Ernst and Norsett, S and Wanner, Gerhard},
  Publisher                = {Springer},
  Year                     = {1987},
  Volume                   = {8}
}

@Book{hairer1996solving,
  Title                    = {Solving Ordinary Differential Equations {II}: Stiff and Differential-Algebraic Problems},
  Author                   = {Hairer, Ernst and Wanner, Gerhard},
  Publisher                = {Springer},
  Year                     = {1996},
  Volume                   = {14}
}

@Article{hamming1959,
  Title                    = {Stable predictor-corrector methods for ordinary differential equations},
  Author                   = {Hamming, Richard Wesley},
  Journal                  = {Journal of the ACM (JACM)},
  Year                     = {1959},
  Number                   = {1},
  Pages                    = {37--47},
  Volume                   = {6},

  Publisher                = {ACM}
}

@Article{hashimoto2000numerical,
  Title                    = {Numerical instability of time-discretized one-point kinetic equations},
  Author                   = {Hashimoto, Kengo and Ikeda, Hideaki and Takeda, Toshikazu},
  Journal                  = {Annals of Nuclear Energy},
  Year                     = {2000},
  Number                   = {9},
  Pages                    = {791--803},
  Volume                   = {27},

  Publisher                = {Elsevier}
}

@Article{hashimoto1995space,
  Title                    = {Space-dependent effect observed in subcriticality measurements for loosely coupled-core system},
  Author                   = {Hashimoto, Kengo and Miki, Ryota},
  Journal                  = {Journal of Nuclear Science and Technology},
  Year                     = {1995},
  Number                   = {10},
  Pages                    = {1054--1060},
  Volume                   = {32},

  Publisher                = {Taylor \& Francis}
}

@Article{hashimoto1993interpretation,
  Title                    = {Interpretation of spatial kinetics for rod drop experiment in loosely coupled-core systems},
  Author                   = {Hashimoto, Kengo and Ohsawa, Takaaki and Misawa, Tsuyoshi and Yamane, Yoshihiro and Nishina, Kojiro and Shiroya, Seiji},
  Journal                  = {Journal of Nuclear Science and Technology},
  Year                     = {1993},
  Number                   = {10},
  Pages                    = {981--990},
  Volume                   = {30},

  Publisher                = {Taylor \& Francis}
}

@Article{hashimoto1996experimental,
  Title                    = {Experimental investigations of dead-time effect on Feynman-$\alpha$ method},
  Author                   = {Hashimoto, Kengo and Ohya, Kei and Yamane, Yoshihiro},
  Journal                  = {Annals of Nuclear Energy},
  Year                     = {1996},
  Number                   = {14},
  Pages                    = {1099--1104},
  Volume                   = {23},

  Publisher                = {Elsevier}
}

@Article{hazama2003practical,
  Title                    = {Practical correction of dead time effect in variance-to-mean ratio measurement},
  Author                   = {Hazama, Taira},
  Journal                  = {Annals of Nuclear Energy},
  Year                     = {2003},
  Number                   = {5},
  Pages                    = {615--631},
  Volume                   = {30},

  Publisher                = {Elsevier}
}

@Book{higham2002accuracy,
  Title                    = {Accuracy and Stability of Numerical Algorithms},
  Author                   = {Higham, Nicholas J.},
  Publisher                = {SIAM},
  Year                     = {2002}
}

@Article{hirt1968heuristic,
  Title                    = {Heuristic stability theory for finite-difference equations},
  Author                   = {Hirt, C.W.},
  Journal                  = {Journal of Computational Physics},
  Year                     = {1968},
  Number                   = {4},
  Pages                    = {339--355},
  Volume                   = {2},

  Publisher                = {Elsevier}
}

@Article{kahan1996ieee,
  Title                    = {{IEEE} standard 754 for binary floating-point arithmetic},
  Author                   = {Kahan, William},
  Journal                  = {Lecture Notes on the Status of IEEE},
  Year                     = {1996},
  Pages                    = {94720--1776},
  Volume                   = {754}
}

@Book{keepin1965physics,
  Title                    = {Physics of nuclear kinetics},
  Author                   = {Keepin, George Robert},
  Publisher                = {Addison-Wesley Reading, MA},
  Year                     = {1965}
}

@Article{khalafi2011design,
  Title                    = {Design \& construction of a digital real time reactivity meter for Tehran research reactor},
  Author                   = {Khalafi, H. and Mosavi, S.H. and Mirvakili, S.M.},
  Journal                  = {Progress in Nuclear Energy},
  Year                     = {2011},
  Number                   = {1},
  Pages                    = {100--105},
  Volume                   = {53},

  Publisher                = {Elsevier}
}

@Article{kitamura2000general,
  Title                    = {General formulae for the Feynman-$\alpha$ method with the bunching technique},
  Author                   = {Kitamura, Yasunori and Misawa, Tsuyoshi and Unesaki, Hironobu and Shiroya, Seiji},
  Journal                  = {Annals of nuclear energy},
  Year                     = {2000},
  Number                   = {13},
  Pages                    = {1199--1216},
  Volume                   = {27},

  Publisher                = {Elsevier}
}

@Article{kitamura1999,
  Title                    = {Reactor noise analysis experiment using a time series data measuring system},
  Author                   = {Kitamura, Y. and Misawa, T. and Unesaki, H. and Shiroya, S.},
  Journal                  = {Journal of Nuclear Science and Technology},
  Year                     = {1999},
  Number                   = {8},
  Pages                    = {653-660},
  Volume                   = {36},

  ISSN                     = {0022-3131}
}

@Article{kuang1999,
  Title                    = {The general backward theory of neutron fluctuations in subcritical systems with multiple emission sources},
  Author                   = {Kuang, Z.F. and P{\'a}zsit, I.},
  Journal                  = {Il Nuovo Cimento A},
  Year                     = {1999},
  Number                   = {10},
  Pages                    = {1067--1092},
  Volume                   = {112},

  Publisher                = {Springer}
}

@Book{lambert1991numerical,
  Title                    = {Numerical methods for ordinary differential systems: the initial value problem},
  Author                   = {Lambert, John Denholm},
  Publisher                = {John Wiley \& Sons, Inc.},
  Year                     = {1991}
}

@TechReport{lescano1976,
  Title                    = {Características de un reactímetro con {R}edes de {P}agel para {U}-235, {U}-238, {P}u-239 y fotoneutrones},
  Author                   = {Lescano, H. and Perl, H.},
  Institution              = {CNEA},
  Year                     = {1976},
  Number                   = {CNEA-RE-109}
}

@TechReport{malano2009,
  Title                    = {{RA}-0: Informe de Seguridad},
  Author                   = {Malano, H.},
  Institution              = {Universidad Nacional de Córdoba},
  Year                     = {2009},
  Month                    = {01-09-2009},
  Number                   = {RA0.GE.MAN.1}
}

@Book{milne1970,
  Title                    = {Numerical solution of differential equations},
  Author                   = {Milne, William Edmund},
  Publisher                = {Dover Publications (New York)},
  Year                     = {1970}
}

@Article{misawa1990measurement,
  Title                    = {Measurement of prompt neutron decay constant and large subcriticality by the feynman-$\alpha$ method},
  Author                   = {Misawa,Tsuyoshi and Shiroya,Seiji and Kanda,Keiji},
  Journal                  = {Nuclear Science and Engineering},
  Year                     = {1990},
  Number                   = {1},
  Pages                    = {53-65},
  Volume                   = {104}
}

@TechReport{ipem004,
  Title                    = {{IPEM C}-005-004 {I}nducción de la formación de fotoneutrones},
  Author                   = {Moreira, O.},
  Institution              = {NA-SA},
  Year                     = {2014},
  Type                     = {Instrucción de puesta en marcha}
}

@TechReport{ipem007,
  Title                    = {{IPEM C}-005-007 {D}eterminación de coeficientes de reactividad de temperatura y presión},
  Author                   = {Moreira, O.},
  Institution              = {NA-SA},
  Year                     = {2014},
  Type                     = {Instrucción de puesta en marcha}
}

@Conference{murua2012,
  Title                    = {Implementación de un reactímetro digital en subcrítico en el reactor nuclear {RA}-0},
  Author                   = {Murua, C. and Bellino, P. and Gomez, A.},
  Booktitle                = {{XXXIX} Reunión Anual de la {AATN}},
  Year                     = {2012},

	Address                  = {Buenos Aires, Argentina},
	Month					 = {Diciembre}
}

@Conference{murua2012_e,
	Title                    = {Implementación de un reactímetro digital en subcrítico en el reactor nuclear {RA}-0},
	Author                   = {Murua, C. and Bellino, P. and Gomez, A.},
	Booktitle                = {XXXIX Annual meeting of the Argentine Association of Nuclear Technology},
	Year                     = {2012},	
	Address                  = {Buenos Aires, Argentina},
	Month					 = {December}
}

@Article{nahla2011taylor,
  Title                    = {Taylor's series method for solving the nonlinear point kinetics equations},
  Author                   = {Nahla, Abdallah A.},
  Journal                  = {Nuclear Engineering and Design},
  Year                     = {2011},
  Number                   = {5},
  Pages                    = {1592--1595},
  Volume                   = {241},

  Publisher                = {Elsevier}
}

@Article{notari2006analysis,
  Title                    = {Analysis of {RA}-3 experiments for the validation of a neutronic model},
  Author                   = {Notari, Carla and G{\'o}mez, Angel and Miller, Susana Bustamante},
  Journal                  = {Annals of Nuclear Energy},
  Year                     = {2006},
  Number                   = {17},
  Pages                    = {1452--1466},
  Volume                   = {33},

  Publisher                = {Elsevier}
}

@Book{oppenheim1999discrete,
  Title                    = {Discrete-time signal processing},
  Author                   = {Oppenheim, Alan V and Schafer, Ronald W and Buck, John R and others},
  Publisher                = {Prentice Hall Upper Saddle River},
  Year                     = {1999},
  Volume                   = {5}
}

@Book{ott1985introductory,
  Title                    = {Introductory nuclear reactor dynamics},
  Author                   = {Ott, Karl Otto and Neuhold, Robert J.},
  Publisher                = {American Nuclear Society La Grange Park},
  Year                     = {1985}
}

@Article{park2007kernel,
  Title                    = {Kernel-Based Noise Filtering of Neutron Detector Signals},
  Author                   = {Park, M. and Shin, H. and Lee, E.},
  Journal                  = {Nuclear Engineering and Technology},
  Year                     = {2007},
  Number                   = {6},
  Pages                    = {725},
  Volume                   = {39},

  Publisher                = {Korean Nuclear Society}
}

@Book{pazsit2008,
  Title                    = {Neutron fluctuations: a treatise on the physics on branching processes},
  Author                   = {Pázsit, I. and Pal, L.},
  Publisher                = {Elsevier},
  Year                     = {2008},

  ISBN                     = {9780080450643}
}

@Article{pazsit1998,
  Title                    = {The variance-to-mean ratio in subcritical systems driven by a spallation source},
  Author                   = {Pázsit, I. and Yamane, Y.},
  Journal                  = {Annals of Nuclear Energy},
  Year                     = {1998},
  Number                   = {9},
  Pages                    = {667-676},
  Volume                   = {25}
}

@TechReport{pecchia2012,
  Title                    = {Application of {MCNP} for predicting power excursion during {LOCA} in {A}tucha-2 {PHWR}},
  Author                   = {Pecchia, Marco},
  Institution              = {Universit\`{a} di Pisa},
  Year                     = {2012},
  Type                     = {Tesi di {D}ottorato di {R}icerca}
}

@TechReport{ipem006,
  Title                    = {{IPEM C}-005-006 {E}nsayos a potencia cero frío},
  Author                   = {Perl, H.},
  Institution              = {NA-SA},
  Year                     = {2014},
  Type                     = {Instrucción de puesta en marcha}
}

@TechReport{ipem008,
  Title                    = {{IPEM C}-005-008 {E}nsayos a potencia cero caliente},
  Author                   = {Perl, H.},
  Institution              = {NA-SA},
  Year                     = {2014},
  Type                     = {Instrucción de puesta en marcha}
}

@TechReport{perl1975,
  Title                    = {Mediciones {F}ísicas en el {R}eactor de la {C}.{N} en {A}tucha. {P}rimera {P}uesta a {C}rítico y {E}xperiencias a {P}otencia {C}ero},
  Author                   = {Perl, H. and Viñez, J.C.},
  Institution              = {CNEA},
  Year                     = {1975},
  Number                   = {RE-106}
}

@Book{phillips1996theory,
  Title                    = {Theory and applications of numerical analysis},
  Author                   = {Phillips, George M. and Taylor, Peter J.},
  Publisher                = {Elsevier},
  Year                     = {1996}
}

@Book{proakis1996digital,
  Title                    = {Digital signal processing: Principles, algorithms, and applications},
  Author                   = {Proakis, John G. and Manolakis, Dimitris G.},
  Publisher                = {Prentice Hall (Upper Saddle River, NJ)},
  Year                     = {1996}
}

@Book{quarteroni2007numerical,
  Title                    = {Numerical mathematics},
  Author                   = {Quarteroni, Alfio and Sacco, Riccardo and Saleri, Fausto},
  Publisher                = {Springer},
  Year                     = {2007},
  Volume                   = {37}
}

@Conference{rogulich2014aatn,
  Title                    = {Determinación de caudal en el sistema de ${}^{16}${N} del {R}eactor {RA}-3 mediante el análisis de correlación cruzada},
  Author                   = {Lucila Rogulich and Pablo Bellino},
  Booktitle                = {XLI Reunión Anual de la AATN},
  Year                     = {2014},

  Address                  = {Buenos Aires, Argentina},
  Month                    = {Diciembre}
}

@Conference{rogulich2014aatn_e,
	Title                    = {Determination of the flow in the ${}^{16}${N} system of the \mbox{{RA}-3} reactor using cross correlation analysis},
	Author                   = {Lucila Rogulich and Pablo Bellino},
	Booktitle                = {XLI Annual meeting of the Argentine Association of Nuclear Technology},
	Year                     = {2014},
	
	Address                  = {Buenos Aires, Argentina},
	Month                    = {December}
}

@Conference{romero2012aatn,
  Title                    = {Desarrollo de un prototipo para la adquisición y procesamiento de datos, utilizando un sistema basado en {FPGA}},
  Author                   = {Romero, L. and Bellino, P.},
  Booktitle                = {XXXIX Reunión Anual de la AATN},
  Year                     = {2012},

  Address                  = {Buenos Aires, Argentina},
  Month                    = {Diciembre}
}

@Conference{romero2012aatn_e,
	Title                    = {Development of a prototype adquisition and data procesing system based on {FPGA}},
	Author                   = {Romero, L. and Bellino, P.},
	Booktitle                = {XXXIX Annual meeting of the Argentine Association of Nuclear Technology},
	Year                     = {2012},
	
	Address                  = {Buenos Aires, Argentina},
	Month                    = {December}
}

@Book{suli2003introduction,
  Title                    = {An introduction to numerical analysis},
  Author                   = {S{\"u}li, Endre and Mayers, David F.},
  Publisher                = {Cambridge University Press},
  Year                     = {2003}
}

@TechReport{ipem001,
  Title                    = {{IPEM C}-005-001 {C}arga de agua pesada},
  Author                   = {Santi, R.},
  Institution              = {NA-SA},
  Year                     = {2014},
  Type                     = {Instrucción de puesta en marcha}
}

@Article{shimazu2005some,
  Title                    = {Some technical issues on continuous subcriticality monitoring by a digital reactivity meter during criticality approach},
  Author                   = {Shimazu, Yoichiro and Naing, Win},
  Journal                  = {Journal of Nuclear Science and Technology},
  Year                     = {2005},
  Number                   = {6},
  Pages                    = {515--524},
  Volume                   = {42},

  Publisher                = {Taylor \& Francis}
}

@Article{suescun2008,
  Title                    = {Calculation of reactivity using a finite impulse response filter},
  Author                   = {Suesc{\'u}n D{\'\i}az, Daniel and Senra Martinez, Aquilino and Carvalho Da Silva, Fernando},
  Journal                  = {Annals of Nuclear Energy},
  Year                     = {2008},
  Number                   = {3},
  Pages                    = {472--477},
  Volume                   = {35},

  Publisher                = {Elsevier}
}

@Article{suescun2013,
  Title                    = {Reactivity calculation using the Euler--Maclaurin formula},
  Author                   = {Suesc{\'u}n-D{\'\i}az, Daniel and Rodr{\'\i}guez-Sarasty, Jes{\'u}s A. and Figueroa-Jim{\'e}nez, Jorge H.},
  Journal                  = {Annals of Nuclear Energy},
  Year                     = {2013},
  Pages                    = {104--108},
  Volume                   = {53},

  Publisher                = {Elsevier}
}

@TechReport{ipem002,
  Title                    = {{IPEM C}-005-002 {P}ruebas previas a la primera puesta a crítico},
  Author                   = {Suyama, M.},
  Institution              = {NA-SA},
  Year                     = {2014},
  Type                     = {Instrucción de puesta en marcha}
}

@Article{suzuki1964reactivity,
  Title                    = {A reactivity meter and its application},
  Author                   = {Suzuki, Eiji and Tsunoda, Tomio},
  Journal                  = {Journal of Nuclear Science and Technology},
  Year                     = {1964},
  Number                   = {6},
  Pages                    = {210--218},
  Volume                   = {1},

  Publisher                = {Taylor \& Francis}
}

@Article{tamura2003signal,
  Title                    = {Signal fluctuation and neutron source in inverse kinetics method for reactivity measurement in the sub-critical domain},
  Author                   = {Tamura, Seiji},
  Journal                  = {Journal of nuclear science and technology},
  Year                     = {2003},
  Number                   = {3},
  Pages                    = {153--157},
  Volume                   = {40},

  Publisher                = {Taylor \& Francis}
}

@Article{taninaka2006dependence,
  Title                    = {Dependence of post-drop reactivity on data analysis model for rod drop experiment in a subcritical reactor with external source},
  Author                   = {Taninaka, Hiroshi and Hashimoto, Kengo},
  Journal                  = {PHYSOR-2006, ANS Topical Meeting on Reactor Analysis},
  Year                     = {2006}
}

@Article{theler2010stability,
  Title                    = {On the stability of the point reactor kinetics equations},
  Author                   = {Theler, German G. and Bonetto, Fabian J.},
  Journal                  = {Nuclear Engineering and Design},
  Year                     = {2010},
  Number                   = {6},
  Pages                    = {1443--1449},
  Volume                   = {240},

  Publisher                = {Elsevier}
}

@Article{tuttle1975delayed,
  Title                    = {Delayed-neutron data for reactor-physics analysis},
  Author                   = {Tuttle, R.J.},
  Journal                  = {Nuclear Science and Engineering},
  Year                     = {1975},
  Number                   = {1},
  Pages                    = {37-71},
  Volume                   = {56},

  Publisher                = {Rockwell International Corp., Canoga Park, CA}
}

@Book{uhrig1970,
  Title                    = {Random noise techniques in nuclear reactor systems},
  Author                   = {Uhrig, R.E.},
  Publisher                = {The Ronald Press Company},
  Year                     = {1970}
}

@TechReport{waldman1990,
  Title                    = {Medición de la reactividad de barras de control en la {CNAI} el {8/1/90}},
  Author                   = {Waldman, R. and Gomez, A.},
  Institution              = {CNEA},
  Year                     = {1990},
  Number                   = {CNEA-GI-I.T. 1015{/}90}
}

@TechReport{waldman1988reac,
  Title                    = {Utilización de un sistema de adquisición de datos para medir la efectividad de barras de control, empleando el modelo de la cinética puntual (``reactímetro digital'')},
  Author                   = {Waldman, R. and Gomez, A.},
  Institution              = {CNEA},
  Year                     = {1988},
  Number                   = {GI-I.T. 1197/88}
}

@Article{wallerbos1998,
  Title                    = {The forgotten effect of the finite measurement time on various noise analysis techniques},
  Author                   = {Wallerbos, E.J.M. and Hoogenboom, J.E.},
  Journal                  = {Annals of Nuclear Energy},
  Year                     = {1998},
  Number                   = {10},
  Pages                    = {733--746},
  Volume                   = {25},

  Publisher                = {Elsevier}
}

@Book{williams1974,
  Title                    = {Random processes in nuclear reactors},
  Author                   = {Williams, M.M.R.},
  Publisher                = {Pergamon Press, Oxford},
  Year                     = {1974}
}

@Article{yamane1996feynman,
  Title                    = {Feynman-$\alpha$ formula with dead time effect for a symmetric coupled-core system},
  Author                   = {Yamane, Yoshihiro and Ito, Dai-Ichiro},
  Journal                  = {Annals of Nuclear Energy},
  Year                     = {1996},
  Number                   = {12},
  Pages                    = {981--987},
  Volume                   = {23},

  Publisher                = {Elsevier}
}

@book{duderstadt1976,
  title                    = {Nuclear Reactor Analysis},
  author                   = {Duderstadt, J.J. and Hamilton, L.J.},
  isbn                     = {9780471223634},
  year                     = {1976},
  publisher                = {Wiley}
}

@article{souza2011,
  title = {Measurements of the isothermal, power and temperature reactivity coefficients of the {IPR-R1} {TRIGA} reactor},
  journal = {Progress in Nuclear Energy},
  volume = {53},
  number = {8},
  pages = {1126 - 1131},
  year = {2011},
  note = {International Nuclear Atlantic Conference - INAC 2009},
  author = {Rose Mary Gomes do Prado Souza and Amir Zacarias Mesquita}
}

@TechReport{gomez94,
  Title                    = {Medición de los coeficientes de reactividad por temperatura y por vacío del reactor {RA}-0},
  Author                   = {Gomez, A. and Waldman, R.},
  Institution              = {CNEA},
  Year                     = {1994},
  Note                     = {Rev. 0.},
  Number                   = {IT 1028/94}
}

@article{Bellino2017,
  author = {Bellino, P A and Mosca, H O and Jaroszewicz, S},
  journal = {Journal of Alloys and Compounds},
  keywords = {(Np,Elastic constants,Lattice parameter,Molecular dynamics simulations,Pu)O2 MOX,Specific heat},
  pages = {944--951},
  title = {{Evaluation of thermophysical properties of (Np,Pu)O2 using molecular dynamics simulations}},
  volume = {695},
  year = {2017}
}

@Article{gomez03memo,
  Title                    = {Estimación del coeficiente de reactividad por temperatura del reactor {RA}-1},
  Author                   = {Gomez, A.},
  Institution              = {CNEA},
  Year                     = {2003},
  Note                     = {Memorando}
}

@Article{hilal17priv,
  Author  = {Hilal, R.},
  Title   = {Comunicación privada},
  Year    = {2017},

}

@TechReport{weir412,
  Title                    = {Cálculos de cambio de reactividad por fracción de vacío con el código {MCNP5}},
  Author                   = {Weir, A.},
  Institution              = {CNEA},
  Note                     = {Rev. 1.},
  Number                   = {ITA-06NBX-412}
}

@TechReport{gomez2017,
  Title                    = {Estudio del parámetro alfa-crítico en el reactor {RA}-1},
  Author                   = {Gomez, A.},
  Institution              = {CNEA},
  Year                     = {2017},
  Note                     = {Rev. 0.},
  Number                   = {ITE-06REC-332}
}

@TechReport{bellino2018,
  Title                    = {Medición de coeficientes de reactividad en el reactor {RA}-1},
  Author                   = {Bellino, P. and Bazzana, S.},
  Institution              = {CNEA},
  Year                     = {2018},
  Note                     = {Rev. 0.},
  Number                   = {IN-EN-GRYCN-ERC-015}
}

@TechReport{barberis2011,
  Title                    = {Reactor {RA}1, potencia y flujo neutrónico por canal y trozo axial y beta efectivo},
  Author                   = {Barberis, C. and Leszczynski, F.},
  Institution              = {CNEA},
  Year                     = {2011},
  Note                     = {Rev. 0.},
  Number                   = {ITE-06REC-232}
}

@ProcOperativo{gomez2017PO,
  Title                    = {Verificaciones experimentales a realizarse en el núcleo del reactor {RA}-1},
  Author                   = {Gomez, A.},
  Institution              = {CNEA},
  Year                     = {2017},
  Note                     = {Rev. 0.},
  Number                   = {PO-EN-GRYCN-FER-003}
}

@TechReport{gomez2009ITE215,
  Title                    = {Estimación del parámetro alfa en estado crítico y de la potencia de un reactor de investigación, mediante la técnica de ruido neutrónico.},
  Author                   = {Gomez, A.},
  Institution              = {CNEA},
  Year                     = {2009},
  Note                     = {Rev. 1.},
  Number                   = {ITE-06REC-215}
}

@TechReport{calvo2017,
  Title                    = {Utilización del programa {FERCIN3-VB} en la medición de ruido neutrónico en reactores de investigación},
  Author                   = {Calvo, M.D.},
  Institution              = {CNEA},
  Year                     = {2017},
  Note                     = {Rev. 0.},
  Number                   = {IN-EN-GRYCN-FER-012}
}

@Conference{orso2017afa,
  Title                    = {Aplicación de la técnica de ruido neutrónico para la estimación de la reactividad del Reactor Nuclear {RA}-4 en estado subcrítico},
  Author                   = {Orso, J. and Bellino, P. and Benhaim, A.},
  Booktitle                = {102$^a$ Reunión de la Asociación Física Argentina},
  Year                     = {2017},

  Address                  = {La Plata, Buenos Aires, Argentina},
  Month                    = {Septiembre}
}

@TechReport{arevalo2018,
  Title                    = {Calibración de potencia térmica versus corriente de la cámara de marcha {ICM}4 en el núcleo 47},
  Author                   = {Arevalo, W.F.},
  Institution              = {IPEN},
  Year                     = {2018},
  Number                   = {DRN-CAS-ME-475-1}
}

@TechReport{aguirre2018,
  Title                    = {Cálculo de los parámetros cinéticos del núcleo 47 inicial del {RP}-10},
  Author                   = {Aguirre, A.A.},
  Institution              = {IPEN},
  Year                     = {2018},
  Number                   = {DRN-CAS-ME-471-1}
}

@ManualUsuario{gomez1999MUS027,
  Title                    = {Programas de computación utilizados en la medición de parámetros cinéticos.},
  Author                   = {Gomez, A.},
  Institution              = {CNEA},
  Year                     = {1999},
  Note                     = {Rev. 1.},
  Number                   = {CNEA.C.RCN.MUS.027}
}

@TechReport{gomezITE203,
  Title                    = {Métodos de medición en física de reactores nucleares. Cinética y ruido neutrónico.},
  Author                   = {Gomez, A.},
  Institution              = {CNEA},
  Year                     = {},
  Note                     = {Rev. 2.},
  Number                   = {ITE-06REC-203},
}

@article{Suica2016,
  author = {Suica, J and Mendoza, P and Huaccho, G},
  journal = {Informe Tegnológico Científico},
  pages = {17--22},
  title = {Desarrollo de un dispositivo electrónico para el cálculo de reactividad en el reactor nuclear {RP}-10.},
  volume = {16},
  number = {1},
  year = {2016},
}

@article{huaccho2016,
  Title                    = {Implementación de un software para el cálculo de reactividad en el reactor {RP}-10.},
  Author                   = {Huaccho, G},
  Institution              = {IPEN},
  Year                     = {2016},
  Note                     = {},
  Number                   = {Informe interno},
}

@TechReport{gomezITE314,
  Title                    = {Estimación de parámetros físicos en el arranque del reactor {RA}-3 en el año 2017.},
  Author                   = {Gomez, A. and Pecos, L.},
  Institution              = {CNEA},
  Year                     = {2017},
  Note                     = {Rev. 0.},
  Number                   = {ITE-06REC-314},
}

@Conference{hergenreder2007,
  Title                    = {Kinetic parameters calculation and measurements during the {OPAL} commissioning},
  Author                   = {Hergenreder, D and Lecot, C and Villarino, E},
  Booktitle                = {IGORR 2007},
  Year                     = {2007},

  Address                  = {Lyon, France},
  Month                    = {March}
}

@ProcOperativo{gomez2005PO,
  Title                    = {Verificaciones experimentales y de cálculo a realizarse en núcleos del reactor {RA}-3},
  Author                   = {Gomez, A.},
  Institution              = {CNEA},
  Year                     = {2005},
  Note                     = {Rev. 0.},
  Number                   = {PO-RA30-27}
}

@TechReport{gomezINT129,
  Title                    = {Medición de potencia mediante la técnica de ruido neutrónico en el reactor {RA}-1 de la {UA-RCN}.},
  Author                   = {Gomez, A.},
  Institution              = {CNEA},
  Year                     = {2005},
  Note                     = {Rev. 3.},
  Number                   = {CNEA.C.RCN.INT.129},
}

@TechReport{gomezIT1036,
  Title                    = {Medición de la potencia usando la técnica de ruido neutrónico en el reactor {RA}-1.},
  Author                   = {Gomez, A. and Waldman, R.},
  Institution              = {CNEA},
  Year                     = {1992},
  Note                     = {Rev. 1.},
  Number                   = {I.T.1036/92},
}

@TechReport{gomezITA270,
  Title                    = {Medición de parámetros físicos en el arranque del reactor {RA}-1 en el año 2006.},
  Author                   = {Gomez, A.},
  Institution              = {CNEA},
  Year                     = {2006},
  Note                     = {Rev. 0.},
  Number                   = {IN-6REC-270-ITA},
}

@TechReport{bazzanaDAN008,
  Title                    = {Cálculo de parámetros neutrónicos del reactor {RA}-1.},
  Author                   = {Bazzana, S. and Barberis, C.},
  Institution              = {CNEA},
  Year                     = {2019},
  Note                     = {Rev. 0.},
  Number                   = {IN-EN-GRYCN-DAN-008},
}

@TechReport{bellinoFER045,
  Title                    = {Calibración en potencia del reactor {RA}-1 en distintas configuraciones de operación.},
  Author                   = {Bellino, P. and Rodriguez Maziere, J. and Gomez, A.},
  Institution              = {CNEA},
  Year                     = {2019},
  Note                     = {Rev. 0.},
  Number                   = {IN-EN-GRYCN-FER-045},
}

@TechReport{bellinoFER062,
  Title                    = {Calibración en potencia del reactor {RA}-1 en el arranque del año 2019.},
  Author                   = {Bellino, P.},
  Institution              = {CNEA},
  Year                     = {2019},
  Note                     = {Rev. 0.},
  Number                   = {IN-EN-GRYCN-FER-062},
}

@Article{memo2024,
  Author  = {Bellino, P.},
  Title   = {Calibración en potencia de las corrientes de las cámaras de ionización {CIM5} y {CIM4} sensibles a neutrones y del sistema de {N16} mediante la técnica de ruido neutrónico.},
  Note = {Memorando},  
  Year    = {2024},
}

@TechReport{gomez075,
  Title                    = {Métodos de medición en física de reactores nucleares. {C}inética y ruido neutrónico.},
  Author                   = {Gomez, A.},
  Institution              = {CNEA},
  Year                     = {2020},
  Note                     = {Rev. 0.},
  Number                   = {IN-EN-GRYCN-FER-075},
}


